
@article{colizza2007,
    author = {Colizza, Vittoria AND Barrat, Alain AND Barthelemy, Marc AND Valleron, Alain-Jacques AND Vespignani, Alessandro},
    journal = {PLoS Med},
    publisher = {Public Library of Science},
    title = {Modeling the Worldwide Spread of Pandemic Influenza: Baseline Case and Containment Interventions},
    year = {2007},
    month = {01},
    volume = {4},
    url = {http://dx.doi.org/10.1371/journal.pmed.0040013},
    pages = {e13},
    abstract = {
        <p>A metapopulation stochastic epidemic model for influenza shows the need to include air transportation when assessing the occurrence probability of global outbreaks. The impact of the use of antiviral drugs is also measured.</p>
      },
    number = {1},
    doi = {10.1371/journal.pmed.0040013}
}        

@article{eurofund2014,
author={Eurofund},
year={2014},
title={Social situation of young people in Europe},
publisher={Publications Office of the European Union, Luxembourg}
}

@article{Lu18062012,
author = {Lu, Xin and Bengtsson, Linus and Holme, Petter}, 
title = {Predictability of population displacement after the 2010 Haiti earthquake},
year = {2012}, 
doi = {10.1073/pnas.1203882109}, 
URL = {http://www.pnas.org/content/early/2012/06/11/1203882109.abstract}, 
journal = {Proceedings of the National Academy of Sciences} 
}

@article{Balcan22122009,
author = {Balcan, Duygu and Colizza, Vittoria and Gonçalves, Bruno and Hu, Hao and Ramasco, José J. and Vespignani, Alessandro}, 
title = {Multiscale mobility networks and the spatial spreading of infectious diseases},
volume = {106}, 
number = {51}, 
pages = {21484-21489}, 
year = {2009}, 
doi = {10.1073/pnas.0906910106}, 
journal = {Proceedings of the National Academy of Sciences} 
}

@article{grady2012robust,
  title={Robust classification of salient links in complex networks},
  author={Grady, Daniel and Thiemann, Christian and Brockmann, Dirk},
  journal={Nature communications},
  volume={3},
  pages={864},
  year={2012},
  publisher={Nature Publishing Group}
}

@article{brockmann2013hidden,
  title={The Hidden Geometry of Complex, Network-Driven Contagion Phenomena},
  author={Brockmann, Dirk and Helbing, Dirk},
  journal={Science},
  volume={342},
  number={6164},
  pages={1337--1342},
  year={2013},
  publisher={American Association for the Advancement of Science}
}

@article{vanhems2011risk,
  title={Risk of influenza-like illness in an acute health care setting during community influenza epidemics in 2004-2005, 2005-2006, and 2006-2007: a prospective study},
  author={Vanhems, Philippe and Voirin, Nicolas and Roche, Sylvain and Escuret, Vanessa and Regis, Corinne and Gorain, Christine and Pires-Cronenberger, Sil{\`e}ne and Giard, Marine and Lina, Bruno and Najioullah, Fatiha and others},
  journal={Archives of internal medicine},
  volume={171},
  number={2},
  pages={151--157},
  year={2011},
  publisher={American Medical Association}
}

@article{baker2010transmission,
  title={Transmission of pandemic A/H1N1 2009 influenza on passenger aircraft: retrospective cohort study},
  author={Baker, Michael G and Thornley, Craig N and Mills, Clair and Roberts, Sally and Perera, Shanika and Peters, Julia and Kelso, Anne and Barr, Ian and Wilson, Nick},
  journal={BMJ: British Medical Journal},
  volume={340},
  year={2010},
  publisher={BMJ Group}
}

@article{read2012close,
  title={Close encounters of the infectious kind: methods to measure social mixing behaviour},
  author={Read, JM and Edmunds, WJ and Riley, S and Lessler, J and Cummings, DAT},
  journal={Epidemiology and infection},
  volume={140},
  number={12},
  pages={2117--2130},
  year={2012},
  publisher={Cambridge Univ Press}
}


@article{sekara2014application,
  title={Application of network properties and signal strength to identify face-to-face links in an electronic dataset},
  author={Sekara, Vedran and Lehmann, Sune},
  journal={arXiv preprint arXiv:1401.5836},
  year={2014}
}

@article{stehle2011simulation,
  title={Simulation of an SEIR infectious disease model on the dynamic contact network of conference attendees},
  author={Stehl{\'e}, Juliette and Voirin, Nicolas and Barrat, Alain and Cattuto, Ciro and Colizza, Vittoria and Isella, Lorenzo and R{\'e}gis, Corinne and Pinton, Jean-Fran{\c{c}}ois and Khanafer, Nagham and Van den Broeck, Wouter and others},
  journal={BMC medicine},
  volume={9},
  number={1},
  pages={87},
  year={2011},
  publisher={BioMed Central Ltd}
}



@article{10.1371/journal.pone.0095978,
    author = {Stopczynski, , Arkadiusz AND Sekara, , Vedran AND Sapiezynski, , Piotr AND Cuttone, , Andrea AND Madsen, , Mette My AND Larsen, , Jakob Eg AND Lehmann, , Sune},
    journal = {PLoS ONE},
    publisher = {Public Library of Science},
    title = {Measuring Large-Scale Social Networks with High Resolution},
    year = {2014},
    month = {04},
    volume = {9},
    url = {http://dx.doi.org/10.1371/journal.pone.0095978},
    pages = {e95978},
    abstract = {<p>This paper describes the deployment of a large-scale study designed to measure human interactions across a variety of communication channels, with high temporal resolution and spanning multiple years—the Copenhagen Networks Study. Specifically, we collect data on face-to-face interactions, telecommunication, social networks, location, and background information (personality, demographics, health, politics) for a densely connected population of 1 000 individuals, using state-of-the-art smartphones as social sensors. Here we provide an overview of the related work and describe the motivation and research agenda driving the study. Additionally, the paper details the data-types measured, and the technical infrastructure in terms of both backend and phone software, as well as an outline of the deployment procedures. We document the participant privacy procedures and their underlying principles. The paper is concluded with early results from data analysis, illustrating the importance of multi-channel high-resolution approach to data collection.</p>},
    number = {4},
    doi = {10.1371/journal.pone.0095978}
}        




@article{colizza2007modeling,
  title={Modeling the worldwide spread of pandemic influenza: baseline case and containment interventions},
  author={Colizza, Vittoria and Barrat, Alain and Barthelemy, Marc and Valleron, Alain-Jacques and Vespignani, Alessandro},
  journal={PLoS Medicine},
  volume={4},
  number={1},
  pages={e13},
  year={2007},
  publisher={Public Library of Science}
}

@article{brockmann2013hidden,
  title={The Hidden Geometry of Complex, Network-Driven Contagion Phenomena},
  author={Brockmann, Dirk and Helbing, Dirk},
  journal={Science},
  volume={342},
  number={6164},
  pages={1337--1342},
  year={2013},
  publisher={American Association for the Advancement of Science}
}

@ARTICLE{2014arXiv1406.1449V,
   author = {{Valdano}, E. and {Poletto}, C. and {Giovannini}, A. and {Palma}, D. and 
  {Savini}, L. and {Colizza}, V.},
    title = "{Predicting epidemic risk from past temporal contact data}",
  journal = {ArXiv e-prints},
archivePrefix = "arXiv",
   eprint = {1406.1449},
 primaryClass = "physics.soc-ph",
 keywords = {Physics - Physics and Society, Computer Science - Social and Information Networks},
     year = 2014,
    month = jun,
   adsurl = {http://adsabs.harvard.edu/abs/2014arXiv1406.1449V},
  adsnote = {Provided by the SAO/NASA Astrophysics Data System}
}

@article{sun2014efficient,
  title={Efficient detection of contagious outbreaks in massive metropolitan encounter networks},
  author={Sun, Lijun and Axhausen, Kay W and Lee, Der-Horng and Cebrian, Manuel},
  journal={Scientific Reports},
  volume={4},
  year={2014},
  publisher={Nature Publishing Group}
}

@article{lazer2009life,
  title={Life in the network: the coming age of computational social science},
  author={Lazer, David and Pentland, Alex Sandy and Adamic, Lada and Aral, Sinan and Barabasi, Albert Laszlo and Brewer, Devon and Christakis, Nicholas and Contractor, Noshir and Fowler, James and Gutmann, Myron and others},
  journal={Science (New York, NY)},
  volume={323},
  number={5915},
  pages={721},
  year={2009},
  publisher={NIH Public Access}
}


@article{barrat2014measuring,
  title={Measuring contact patterns with wearable sensors: methods, data characteristics and applications to data-driven simulations of infectious diseases},
  author={Barrat, Alain and Cattuto, C and Tozzi, AE and Vanhems, Philippe and Voirin, Nicolas},
  journal={Clinical Microbiology and Infection},
  volume={20},
  number={1},
  pages={10--16},
  year={2014},
  publisher={Wiley Online Library}
}

@article{moser1979outbreak,
  title={An outbreak of influenza aboard a commercial airliner},
  author={Moser, Michael R and Bender, Thomas R and Margolis, Harold S and Noble, Gary R and Kendal, Alan P and Ritter, Donald G},
  journal={American Journal of Epidemiology},
  volume={110},
  number={1},
  pages={1--6},
  year={1979},
  publisher={Oxford Univ Press}
}

@article{ferguson2005strategies,
  title={Strategies for containing an emerging influenza pandemic in Southeast Asia},
  author={Ferguson, Neil M and Cummings, Derek AT and Cauchemez, Simon and Fraser, Christophe and Riley, Steven and Meeyai, Aronrag and Iamsirithaworn, Sopon and Burke, Donald S},
  journal={Nature},
  volume={437},
  number={7056},
  pages={209--214},
  year={2005},
  publisher={Nature Publishing Group}
}

@article{lessler2009outbreak,
  title={Outbreak of 2009 pandemic influenza A (H1N1) at a New York City school},
  author={Lessler, Justin and Reich, Nicholas G and Cummings, Derek AT},
  journal={New England Journal of Medicine},
  volume={361},
  number={27},
  pages={2628--2636},
  year={2009},
  publisher={Mass Medical Soc}
}

@article{ferguson2006strategies,
  title={Strategies for mitigating an influenza pandemic},
  author={Ferguson, Neil M and Cummings, Derek AT and Fraser, Christophe and Cajka, James C and Cooley, Philip C and Burke, Donald S},
  journal={Nature},
  volume={442},
  number={7101},
  pages={448--452},
  year={2006},
  publisher={Nature Publishing Group}
}

@article{salathe2010high,
  title={A high-resolution human contact network for infectious disease transmission},
  author={Salath{\'e}, Marcel and Kazandjieva, Maria and Lee, Jung Woo and Levis, Philip and Feldman, Marcus W and Jones, James H},
  journal={Proceedings of the National Academy of Sciences},
  volume={107},
  number={51},
  pages={22020--22025},
  year={2010},
  publisher={National Acad Sciences}
}    

@article{colizza2007modeling,
  title={Modeling the worldwide spread of pandemic influenza: baseline case and containment interventions},
  author={Colizza, Vittoria and Barrat, Alain and Barthelemy, Marc and Valleron, Alain-Jacques and Vespignani, Alessandro},
  journal={PLoS Medicine},
  volume={4},
  number={1},
  pages={e13},
  year={2007},
  publisher={Public Library of Science}
}


@ARTICLE{2014arXiv1406.1449V,
   author = {{Valdano}, E. and {Poletto}, C. and {Giovannini}, A. and {Palma}, D. and 
  {Savini}, L. and {Colizza}, V.},
    title = "{Predicting epidemic risk from past temporal contact data}",
  journal = {ArXiv e-prints},
archivePrefix = "arXiv",
   eprint = {1406.1449},
 primaryClass = "physics.soc-ph",
 keywords = {Physics - Physics and Society, Computer Science - Social and Information Networks},
     year = 2014,
    month = jun,
   adsurl = {http://adsabs.harvard.edu/abs/2014arXiv1406.1449V},
  adsnote = {Provided by the SAO/NASA Astrophysics Data System}
}

@article{sun2014efficient,
  title={Efficient detection of contagious outbreaks in massive metropolitan encounter networks},
  author={Sun, Lijun and Axhausen, Kay W and Lee, Der-Horng and Cebrian, Manuel},
  journal={arXiv preprint arXiv:1401.2815},
  year={2014}
}

@article{stehle2011simulation,
  title={Simulation of an SEIR infectious disease model on the dynamic contact network of conference attendees},
  author={Stehl{\'e}, Juliette and Voirin, Nicolas and Barrat, Alain and Cattuto, Ciro and Colizza, Vittoria and Isella, Lorenzo and R{\'e}gis, Corinne and Pinton, Jean-Fran{\c{c}}ois and Khanafer, Nagham and Van den Broeck, Wouter and others},
  journal={BMC medicine},
  volume={9},
  number={1},
  pages={87},
  year={2011},
  publisher={BioMed Central Ltd}
}

@article{barrat2014measuring,
  title={Measuring contact patterns with wearable sensors: methods, data characteristics and applications to data-driven simulations of infectious diseases},
  author={Barrat, Alain and Cattuto, C and Tozzi, AE and Vanhems, Philippe and Voirin, Nicolas},
  journal={Clinical Microbiology and Infection},
  volume={20},
  number={1},
  pages={10--16},
  year={2014},
  publisher={Wiley Online Library}
}

@article{vanhems2013estimating,
  title={Estimating potential infection transmission routes in hospital wards using wearable proximity sensors},
  author={Vanhems, Philippe and Barrat, Alain and Cattuto, Ciro and Pinton, Jean-Fran{\c{c}}ois and Khanafer, Nagham and R{\'e}gis, Corinne and Kim, Byeul-a and Comte, Brigitte and Voirin, Nicolas},
  journal={PloS one},
  volume={8},
  number={9},
  pages={e73970},
  year={2013},
  publisher={Public Library of Science}
}

@article{stehle2011high,
  title={High-resolution measurements of face-to-face contact patterns in a primary school},
  author={Stehl{\'e}, Juliette and Voirin, Nicolas and Barrat, Alain and Cattuto, Ciro and Isella, Lorenzo and Pinton, Jean-Fran{\c{c}}ois and Quaggiotto, Marco and Van den Broeck, Wouter and R{\'e}gis, Corinne and Lina, Bruno and others},
  journal={PloS one},
  volume={6},
  number={8},
  pages={e23176},
  year={2011},
  publisher={Public Library of Science}
}

@article{read2008dynamic,
  title={Dynamic social networks and the implications for the spread of infectious disease},
  author={Read, Jonathan M and Eames, Ken TD and Edmunds, W John},
  journal={Journal of The Royal Society Interface},
  volume={5},
  number={26},
  pages={1001--1007},
  year={2008},
  publisher={The Royal Society}
}

@article{holme2014birth,
  title={Birth and death of links control disease spreading in empirical contact networks},
  author={Holme, Petter and Liljeros, Fredrik},
  journal={Scientific reports},
  volume={4},
  year={2014},
  publisher={Nature Publishing Group}
}

@article{onnela2007structure,
  title={Structure and tie strengths in mobile communication networks},
  author={Onnela, J-P and Saram{\"a}ki, Jari and Hyv{\"o}nen, J{\"o}rkki and Szab{\'o}, Gy{\"o}rgy and Lazer, David and Kaski, Kimmo and Kert{\'e}sz, J{\'a}nos and Barab{\'a}si, A-L},
  journal={Proceedings of the National Academy of Sciences},
  volume={104},
  number={18},
  pages={7332--7336},
  year={2007},
  publisher={National Acad Sciences}
}


@inproceedings{mun2008parsimonious,
  title={Parsimonious mobility classification using GSM and WiFi traces},
  author={Mun, M and Estrin, Deborah and Burke, Jeff and Hansen, Mark},
  booktitle={Proceedings of the Fifth Workshop on Embedded Networked Sensors (HotEmNets)},
  year={2008}
}

@inproceedings{rekimoto2007lifetag,
  title={LifeTag: WiFi-based continuous location logging for life pattern analysis},
  author={Rekimoto, Jun and Miyaki, Takashi and Ishizawa, Takaaki},
  booktitle={LoCA},
  volume={2007},
  pages={35--49},
  year={2007}
}

@incollection{kawaguchi2009wifi,
  title={WiFi Location Information System for Both Indoors and Outdoors},
  author={Kawaguchi, Nobuo},
  booktitle={Distributed Computing, Artificial Intelligence, Bioinformatics, Soft Computing, and Ambient Assisted Living},
  pages={638--645},
  year={2009},
  publisher={Springer}
}

@article{staiano2014money,
  title={Money Walks: A Human-Centric Study on the Economics of Personal Mobile Data},
  author={Staiano, Jacopo and Oliver, Nuria and Lepri, Bruno and de Oliveira, Rodrigo and Caraviello, Michele and Sebe, Nicu},
  journal={arXiv preprint arXiv:1407.0566},
  year={2014}
}

@article{song2010limits,
  title={Limits of predictability in human mobility},
  author={Song, Chaoming and Qu, Zehui and Blumm, Nicholas and Barab{\'a}si, Albert-L{\'a}szl{\'o}},
  journal={Science},
  volume={327},
  number={5968},
  pages={1018--1021},
  year={2010},
  publisher={American Association for the Advancement of Science}
}

@article{sun2014efficient,
  title={Efficient detection of contagious outbreaks in massive metropolitan encounter networks},
  author={Sun, Lijun and Axhausen, Kay W and Lee, Der-Horng and Cebrian, Manuel},
  journal={Scientific Reports},
  volume={4},
  year={2014},
  publisher={Nature Publishing Group}
}

@article{de2013unique,
  title={Unique in the Crowd: The privacy bounds of human mobility},
  author={de Montjoye, Yves-Alexandre and Hidalgo, C{\'e}sar A and Verleysen, Michel and Blondel, Vincent D},
  journal={Scientific reports},
  volume={3},
  year={2013},
  publisher={Nature Publishing Group}
}

@article{staiano2014money,
  title={Money Walks: A Human-Centric Study on the Economics of Personal Mobile Data},
  author={Staiano, Jacopo and Oliver, Nuria and Lepri, Bruno and de Oliveira, Rodrigo and Caraviello, Michele and Sebe, Nicu},
  journal={arXiv preprint arXiv:1407.0566},
  year={2014}
}

@article{lim2007real,
  title={A real-time indoor WiFi localization system utilizing smart antennas},
  author={Lim, Chin-Heng and Wan, Yahong and Ng, Boon-Poh and See, C},
  journal={Consumer Electronics, IEEE Transactions on},
  volume={53},
  number={2},
  pages={618--622},
  year={2007},
  publisher={IEEE}
}

@article{gonzalez2008understanding,
  title={Understanding individual human mobility patterns},
  author={Gonzalez, Marta C and Hidalgo, Cesar A and Barabasi, Albert-Laszlo},
  journal={Nature},
  volume={453},
  number={7196},
  pages={779--782},
  year={2008},
  publisher={Nature Publishing Group}
}

@incollection{de2013predicting,
  title={Predicting personality using novel mobile phone-based metrics},
  author={de Montjoye, Yves-Alexandre and Quoidbach, Jordi and Robic, Florent and Pentland, Alex Sandy},
  booktitle={Social Computing, Behavioral-Cultural Modeling and Prediction},
  pages={48--55},
  year={2013},
  publisher={Springer}
}

@book{strandburg2014privacy,
  title={Privacy, big data, and the public good: frameworks for engagement},
  author={Strandburg, Katherine J and Barocas, Solon and Nissenbaum, Helen and Acquisti, Alessandro and Ohm, Paul and Stodden, Victoria and Koonin, Steven E and Holland, Michael J and Goerge, Robert M and Elias, Peter and others},
  year={2014},
  publisher={Cambridge University Press}
}

@inproceedings{ferris2006gaussian,
  title={Gaussian processes for signal strength-based location estimation},
  author={Ferris, Brian and Haehnel, Dirk and Fox, Dieter},
  booktitle={In Proc. of Robotics Science and Systems},
  year={2006},
  organization={Citeseer}
}

@article{achara2014wifileaks,
  title={WifiLeaks: Underestimated Privacy Implications of the ACCESS\_WIFI\_STATE Android Permission},
  author={Achara, Jagdish Prasad and Cunche, Mathieu and Roca, Vincent and Francillon, Aur{\'e}lien and others},
  year={2014}
}

@book{grissom2012effect,
  title={Effect sizes for research: Univariate and multivariate applications},
  author={Grissom, Robert J and Kim, John J},
  year={2012},
  publisher={Routledge}
}

@article{mcgraw1992common,
  title={A common language effect size statistic.},
  author={McGraw, Kenneth O and Wong, SP},
  journal={Psychological bulletin},
  volume={111},
  number={2},
  pages={361},
  year={1992},
  publisher={American Psychological Association}
}

@article{sekara2014strength,
  title={The Strength of Friendship Ties in Proximity Sensor Data},
  author={Sekara, Vedran and Lehmann, Sune},
  journal={PloS one},
  volume={9},
  number={7},
  pages={e100915},
  year={2014},
  publisher={Public Library of Science}
}

@article{danon2011networks,
  title={Networks and the epidemiology of infectious disease},
  author={Danon, Leon and Ford, Ashley P and House, Thomas and Jewell, Chris P and Keeling, Matt J and Roberts, Gareth O and Ross, Joshua V and Vernon, Matthew C},
  journal={Interdisciplinary perspectives on infectious diseases},
  volume={2011},
  year={2011},
  publisher={Hindawi Publishing Corporation}
}

@article{eagle2009inferring,
  title={Inferring friendship network structure by using mobile phone data},
  author={Eagle, Nathan and Pentland, Alex Sandy and Lazer, David},
  journal={Proceedings of the National Academy of Sciences},
  volume={106},
  number={36},
  pages={15274--15278},
  year={2009},
  publisher={National Acad Sciences}
}

@book{keeling2008modeling,
  title={Modeling infectious diseases in humans and animals},
  author={Keeling, Matt J and Rohani, Pejman},
  year={2008},
  publisher={Princeton University Press}
}

@article{pastor2001epidemic,
  title={Epidemic spreading in scale-free networks},
  author={Pastor-Satorras, Romualdo and Vespignani, Alessandro},
  journal={Physical review letters},
  volume={86},
  number={14},
  pages={3200},
  year={2001},
  publisher={APS}
}

@article{ravasz2002hierarchical,
  title={Hierarchical organization of modularity in metabolic networks},
  author={Ravasz, Erzs{\'e}bet and Somera, Anna Lisa and Mongru, Dale A and Oltvai, Zolt{\'a}n N and Barab{\'a}si, A-L},
  journal={science},
  volume={297},
  number={5586},
  pages={1551--1555},
  year={2002},
  publisher={American Association for the Advancement of Science}
}

@book{hall1969hidden,
  title={The hidden dimension},
  author={Hall, Edward Twitchell and Hall, Edward T},
  volume={1990},
  year={1969},
  publisher={Anchor Books New York}
}

@article{eagle2006reality,
  title={Reality mining: sensing complex social systems},
  author={Eagle, Nathan and Pentland, Alex},
  journal={Personal and ubiquitous computing},
  volume={10},
  number={4},
  pages={255--268},
  year={2006},
  publisher={Springer-Verlag}
}

@article{sommer1959studies,
  title={Studies in personal space},
  author={Sommer, Robert},
  journal={Sociometry},
  pages={247--260},
  year={1959},
  publisher={JSTOR}
}

@article{de2014strength,
  title={The strength of the strongest ties in collaborative problem solving},
  author={de Montjoye, Yves-Alexandre and Stopczynski, Arkadiusz and Shmueli, Erez and Pentland, Alex and Lehmann, Sune},
  journal={Scientific reports},
  volume={4},
  year={2014},
  publisher={Nature Publishing Group}
}

@article{stehle2011simulation,
  title={Simulation of an SEIR infectious disease model on the dynamic contact network of conference attendees},
  author={Stehl{\'e}, Juliette and Voirin, Nicolas and Barrat, Alain and Cattuto, Ciro and Colizza, Vittoria and Isella, Lorenzo and R{\'e}gis, Corinne and Pinton, Jean-Fran{\c{c}}ois and Khanafer, Nagham and Van den Broeck, Wouter and others},
  journal={BMC medicine},
  volume={9},
  number={1},
  pages={87},
  year={2011},
  publisher={BioMed Central Ltd}
}

@article{wu2008mining,
  title={Mining face-to-face interaction networks using sociometric badges: Predicting productivity in an it configuration task},
  author={Wu, Lynn and Waber, Ben and Aral, Sinan and Brynjolfsson, Erik and Pentland, Alex},
  year={2008}
}

@article{brankston2007transmission,
  title={Transmission of influenza A in human beings},
  author={Brankston, Gabrielle and Gitterman, Leah and Hirji, Zahir and Lemieux, Camille and Gardam, Michael},
  journal={The Lancet infectious diseases},
  volume={7},
  number={4},
  pages={257--265},
  year={2007},
  publisher={Elsevier}
}

@article{watts1998collective,
  title={Collective dynamics of ‘small-world’networks},
  author={Watts, Duncan J and Strogatz, Steven H},
  journal={nature},
  volume={393},
  number={6684},
  pages={440--442},
  year={1998},
  publisher={Nature Publishing Group}
}

@article{aamodt2006cc2431,
  title={CC2431 location engine},
  author={Aamodt, K},
  journal={Application Note AN042 (Rev. 1.0), SWRA095, Texas Instruments},
  year={2006}
}

@inproceedings{feldmann2003indoor,
  title={An Indoor Bluetooth-Based Positioning System: Concept, Implementation and Experimental Evaluation.},
  author={Feldmann, Silke and Kyamakya, Kyandoghere and Zapater, Ana and Lue, Zighuo},
  booktitle={International Conference on Wireless Networks},
  pages={109--113},
  year={2003}
}

@inproceedings{kotanen2003experiments,
  title={Experiments on local positioning with Bluetooth},
  author={Kotanen, Antti and Hannikainen, Marko and Leppakoski, Helena and Hamalainen, Timo D},
  booktitle={Information Technology: Coding and Computing [Computers and Communications], 2003. Proceedings. ITCC 2003. International Conference on},
  pages={297--303},
  year={2003},
  organization={IEEE}
}

@article{liljeros2001web,
  title={The web of human sexual contacts},
  author={Liljeros, Fredrik and Edling, Christofer R and Amaral, Luis A Nunes and Stanley, H Eugene and {\AA}berg, Yvonne},
  journal={Nature},
  volume={411},
  number={6840},
  pages={907--908},
  year={2001},
  publisher={Nature Publishing Group}
}

@article{rocha2011simulated,
  title={Simulated epidemics in an empirical spatiotemporal network of 50,185 sexual contacts},
  author={Rocha, Luis EC and Liljeros, Fredrik and Holme, Petter},
  journal={PLoS computational biology},
  volume={7},
  number={3},
  pages={e1001109},
  year={2011},
  publisher={Public Library of Science}
}

@article{de2014enabling,
  title={Enabling Humanitarian Use of Mobile Phone Data},
  author={de Montjoye, Yves-Alexandre and Kendall, Jake and Kerry, Cameron F},
  year={2014},
  publisher={Brookings Center for Technology Innovation}
}

@article{ribeiro2013quantifying,
  title={Quantifying the effect of temporal resolution on time-varying networks},
  author={Ribeiro, Bruno and Perra, Nicola and Baronchelli, Andrea},
  journal={Scientific reports},
  volume={3},
  year={2013},
  publisher={Nature Publishing Group}
}

@article{stilianakis2010dynamics,
  title={Dynamics of infectious disease transmission by inhalable respiratory droplets},
  author={Stilianakis, Nikolaos I and Drossinos, Yannis},
  journal={Journal of the Royal Society Interface},
  pages={rsif20100026},
  year={2010},
  publisher={The Royal Society}
}

@article{garner1996guideline,
  title={Guideline for isolation precautions in hospitals},
  author={Garner, Julia S},
  journal={Infection control},
  volume={17},
  number={01},
  pages={54--80},
  year={1996},
  publisher={Cambridge Univ Press}
}

@article{brockmann2006scaling,
  title={The scaling laws of human travel},
  author={Brockmann, Dirk and Hufnagel, Lars and Geisel, Theo},
  journal={Nature},
  volume={439},
  number={7075},
  pages={462--465},
  year={2006},
  publisher={Nature Publishing Group}
}

@article{hufnagel2004forecast,
  title={Forecast and control of epidemics in a globalized world},
  author={Hufnagel, Lars and Brockmann, Dirk and Geisel, Theo},
  journal={Proceedings of the National Academy of Sciences of the United States of America},
  volume={101},
  number={42},
  pages={15124--15129},
  year={2004},
  publisher={National Acad Sciences}
}

@article{colizza2006role,
  title={The role of the airline transportation network in the prediction and predictability of global epidemics},
  author={Colizza, Vittoria and Barrat, Alain and Barth{\'e}lemy, Marc and Vespignani, Alessandro},
  journal={Proceedings of the National Academy of Sciences of the United States of America},
  volume={103},
  number={7},
  pages={2015--2020},
  year={2006},
  publisher={National Acad Sciences}
}

@article{wesolowski2012quantifying,
  title={Quantifying the impact of human mobility on malaria},
  author={Wesolowski, Amy and Eagle, Nathan and Tatem, Andrew J and Smith, David L and Noor, Abdisalan M and Snow, Robert W and Buckee, Caroline O},
  journal={Science},
  volume={338},
  number={6104},
  pages={267--270},
  year={2012},
  publisher={American Association for the Advancement of Science}
}

@article{lee2012exploiting,
  title={Exploiting Temporal Network Structures of Human Interaction to Effectively Immunize Populations},
  author={Lee, Sungmin and Rocha, Luis EC and Liljeros, Fredrik and Holme, Petter},
  journal={PLoS ONE},
  volume={7},
  number={5},
  year={2012},
  publisher={Public Library of Science}
}

@article{holme2005network,
  title={Network reachability of real-world contact sequences},
  author={Holme, Petter},
  journal={Physical Review E},
  volume={71},
  number={4},
  pages={046119},
  year={2005},
  publisher={APS}
}

@article{holme2014birth,
  title={Birth and death of links control disease spreading in empirical contact networks},
  author={Holme, Petter and Liljeros, Fredrik},
  journal={Scientific reports},
  volume={4},
  year={2014},
  publisher={Nature Publishing Group}
}

@article{stopczynski2015temporal,
  title={Temporal Fidelity in Dynamic Social Networks},
  author={Stopczynski, Arkadiusz and Sapiezynski, Piotr and Pentland, Alex'Sandy' and Lehmann, Sune},
  journal={arXiv preprint arXiv:1507.01484},
  year={2015}
}

@article{christakis2010social,
  title={Social network sensors for early detection of contagious outbreaks},
  author={Christakis, Nicholas A and Fowler, James H},
  journal={PloS one},
  volume={5},
  number={9},
  pages={e12948},
  year={2010},
  publisher={Public Library of Science}
}

@article{cauchemez2011role,
  title={Role of social networks in shaping disease transmission during a community outbreak of 2009 H1N1 pandemic influenza},
  author={Cauchemez, Simon and Bhattarai, Achuyt and Marchbanks, Tiffany L and Fagan, Ryan P and Ostroff, Stephen and Ferguson, Neil M and Swerdlow, David and Sodha, Samir V and Moll, M{\`a}ria E and Angulo, Frederick J and others},
  journal={Proceedings of the National Academy of Sciences},
  volume={108},
  number={7},
  pages={2825--2830},
  year={2011},
  publisher={National Acad Sciences}
}

@article{goeyvaerts2010estimating,
  title={Estimating infectious disease parameters from data on social contacts and serological status},
  author={Goeyvaerts, Nele and Hens, Niel and Ogunjimi, Benson and Aerts, Marc and Shkedy, Ziv and Damme, Pierre Van and Beutels, Philippe},
  journal={Journal of the Royal Statistical Society: Series C (Applied Statistics)},
  volume={59},
  number={2},
  pages={255--277},
  year={2010},
  publisher={Wiley Online Library}
}

@article{xiao2016clustering,
  title={Clustering of contacts relevant to the spread of infectious disease},
  author={Xiao, Xiong and van Hoek, Albert Jan and Kenward, Michael G and Melegaro, Alessia and Jit, Mark},
  journal={Epidemics},
  volume={17},
  pages={1--9},
  year={2016},
  publisher={Elsevier}
}

@article{karsai2011small,
  title={Small but slow world: How network topology and burstiness slow down spreading},
  author={Karsai, M{\'a}rton and Kivel{\"a}, Mikko and Pan, Raj Kumar and Kaski, Kimmo and Kert{\'e}sz, J{\'a}nos and Barab{\'a}si, A-L and Saram{\"a}ki, Jari},
  journal={Physical Review E},
  volume={83},
  number={2},
  pages={025102},
  year={2011},
  publisher={APS}
}

@article{mucha2010community,
  title={Community structure in time-dependent, multiscale, and multiplex networks},
  author={Mucha, Peter J and Richardson, Thomas and Macon, Kevin and Porter, Mason A and Onnela, Jukka-Pekka},
  journal={Science},
  volume={328},
  number={5980},
  pages={876--878},
  year={2010},
  publisher={American Association for the Advancement of Science}
}

@article{fowler2008dynamic,
  title={Dynamic spread of happiness in a large social network: longitudinal analysis over 20 years in the Framingham Heart Study},
  author={Fowler, James H and Christakis, Nicholas A},
  journal={Bmj},
  volume={337},
  pages={a2338},
  year={2008},
  publisher={British Medical Journal Publishing Group}
}

@book{scott2017social,
  title={Social network analysis},
  author={Scott, John},
  year={2017},
  publisher={Sage}
}

@article{mossong2008social,
  title={Social contacts and mixing patterns relevant to the spread of infectious diseases},
  author={Mossong, Jo{\"e}l and Hens, Niel and Jit, Mark and Beutels, Philippe and Auranen, Kari and Mikolajczyk, Rafael and Massari, Marco and Salmaso, Stefania and Tomba, Gianpaolo Scalia and Wallinga, Jacco and others},
  journal={PLoS medicine},
  volume={5},
  number={3},
  pages={e74},
  year={2008},
  publisher={Public Library of Science}
}

@inproceedings{bakshy2012role,
  title={The role of social networks in information diffusion},
  author={Bakshy, Eytan and Rosenn, Itamar and Marlow, Cameron and Adamic, Lada},
  booktitle={Proceedings of the 21st international conference on World Wide Web},
  pages={519--528},
  year={2012},
  organization={ACM}
}

@article{mills2004transmissibility,
  title={Transmissibility of 1918 pandemic influenza},
  author={Mills, Christina E and Robins, James M and Lipsitch, Marc},
  journal={Nature},
  volume={432},
  number={7019},
  pages={904--906},
  year={2004},
  publisher={Nature Research}
}

@article{sekara2016fundamental,
  title={Fundamental structures of dynamic social networks},
  author={Sekara, Vedran and Stopczynski, Arkadiusz and Lehmann, Sune},
  journal={Proceedings of the national academy of sciences},
  volume={113},
  number={36},
  pages={9977--9982},
  year={2016},
  publisher={National Acad Sciences}
}

@article{alessandretti2017multi,
  title={Multi-scale spatio-temporal analysis of human mobility},
  author={Alessandretti, Laura and Sapiezynski, Piotr and Lehmann, Sune and Baronchelli, Andrea},
  journal={PloS one},
  volume={12},
  number={2},
  pages={e0171686},
  year={2017},
  publisher={Public Library of Science}
}

@article{barabasi1999emergence,
  title={Emergence of scaling in random networks},
  author={Barab{\'a}si, Albert-L{\'a}szl{\'o} and Albert, R{\'e}ka},
  journal={science},
  volume={286},
  number={5439},
  pages={509--512},
  year={1999},
  publisher={American Association for the Advancement of Science}
}

@article{milo2002network,
  title={Network motifs: simple building blocks of complex networks},
  author={Milo, Ron and Shen-Orr, Shai and Itzkovitz, Shalev and Kashtan, Nadav and Chklovskii, Dmitri and Alon, Uri},
  journal={Science},
  volume={298},
  number={5594},
  pages={824--827},
  year={2002},
  publisher={American Association for the Advancement of Science}
}

@article{szell2010multirelational,
  title={Multirelational organization of large-scale social networks in an online world},
  author={Szell, Michael and Lambiotte, Renaud and Thurner, Stefan},
  journal={Proceedings of the National Academy of Sciences},
  volume={107},
  number={31},
  pages={13636--13641},
  year={2010},
  publisher={National Acad Sciences}
}

@article{girvan2002community,
  title={Community structure in social and biological networks},
  author={Girvan, Michelle and Newman, Mark EJ},
  journal={Proceedings of the national academy of sciences},
  volume={99},
  number={12},
  pages={7821--7826},
  year={2002},
  publisher={National Acad Sciences}
}

@article{fortunato2010community,
  title={Community detection in graphs},
  author={Fortunato, Santo},
  journal={Physics reports},
  volume={486},
  number={3},
  pages={75--174},
  year={2010},
  publisher={Elsevier}
}

@article{ahn2010link,
  title={Link communities reveal multiscale complexity in networks},
  author={Ahn, Yong-Yeol and Bagrow, James P and Lehmann, Sune},
  journal={nature},
  volume={466},
  number={7307},
  pages={761--764},
  year={2010},
  publisher={Nature Research}
}

@article{eubank2004modelling,
  title={Modelling disease outbreaks in realistic urban social networks},
  author={Eubank, Stephen and Guclu, Hasan and Kumar, VS Anil and Marathe, Madhav V and Srinivasan, Aravind and Toroczkai, Zoltan and Wang, Nan},
  journal={Nature},
  volume={429},
  number={6988},
  pages={180--184},
  year={2004},
  publisher={Nature Publishing Group}
}

@article{bagrow2015robustness,
  title={Robustness and modular structure in networks},
  author={Bagrow, James P and Lehmann, Sune and Ahn, Yong-Yeol},
  journal={Network Science},
  volume={3},
  number={4},
  pages={509--525},
  year={2015},
  publisher={Cambridge University Press}
}


@book{milgram1992individual,
  title={The individual in a social world: essays and experiments},
  author={Milgram, Stanley and Sabini, John Ed and Silver, Maury Ed},
  year={1992},
  publisher={Mcgraw-Hill Book Company}
}

@article{sun2013understanding,
  title={Understanding metropolitan patterns of daily encounters},
  author={Sun, Lijun and Axhausen, Kay W and Lee, Der-Horng and Huang, Xianfeng},
  journal={Proceedings of the National Academy of Sciences},
  volume={110},
  number={34},
  pages={13774--13779},
  year={2013},
  publisher={National Acad Sciences}
}

@article{salathe2010dynamics,
  title={Dynamics and control of diseases in networks with community structure},
  author={Salath{\'e}, Marcel and Jones, James H},
  journal={PLoS computational biology},
  volume={6},
  number={4},
  pages={e1000736},
  year={2010},
  publisher={Public Library of Science}
}

@article{sun2010effect,
  title={The effect of geographical distance on epidemic spreading},
  author={Sun, Peng and Cao, Xian-bin and Du, Wen-bo and Chen, Cai-long},
  journal={Physics Procedia},
  volume={3},
  number={5},
  pages={1811--1818},
  year={2010},
  publisher={Elsevier}
}

@article{stegehuis2016epidemic,
  title={Epidemic spreading on complex networks with community structures},
  author={Stegehuis, Clara and van der Hofstad, Remco and van Leeuwaarden, Johan SH},
  journal={Scientific reports},
  volume={6},
  pages={29748},
  year={2016},
  publisher={Nature Publishing Group}
}

@article{weinstein2003transmission,
  title={Transmission of influenza: implications for control in health care settings},
  author={Weinstein, Robert A and Bridges, Carolyn Buxton and Kuehnert, Matthew J and Hall, Caroline B},
  journal={Clinical infectious diseases},
  volume={37},
  number={8},
  pages={1094--1101},
  year={2003},
  publisher={The University of Chicago Press}
}

@article{klovdahl2001networks,
  title={Networks and tuberculosis: an undetected community outbreak involving public places},
  author={Klovdahl, Alden S and Graviss, Edward A and Yaganehdoost, Afshin and Ross, Michael W and Wanger, A and Adams, Gregory J and Musser, James M},
  journal={Social science \& medicine},
  volume={52},
  number={5},
  pages={681--694},
  year={2001},
  publisher={Elsevier}
}

@article{salathe2012digital,
  title={Digital epidemiology},
  author={Salathe, Marcel and Bengtsson, Linus and Bodnar, Todd J and Brewer, Devon D and Brownstein, John S and Buckee, Caroline and Campbell, Ellsworth M and Cattuto, Ciro and Khandelwal, Shashank and Mabry, Patricia L and others},
  journal={PLoS computational biology},
  volume={8},
  number={7},
  pages={e1002616},
  year={2012},
  publisher={Public Library of Science}
}

@book{liverman2007preparing,
  title={Preparing for an influenza pandemic: Personal protective equipment for healthcare Workers},
  author={Liverman, Catharyn T and Goldfrank, Lewis R and others},
  year={2007},
  publisher={National Academies Press}
}